@Book{ SchermerB2007,
	title = "Software agents, surveillance and the right to privacy: a legislative framework for agent-enabled surveillance",
	publisher = "Leiden University Press",
	year = "2007",
	author = "B. W. Schermer",
	address = "Amsterdam",
	timestamp = "2014.06.25."
}


@PhDThesis{ NameeB2004,
  author = {Brian Mac Namee},
  title = {Proactive Persistent Agents: Using Situational Inteligence to Create Support characters in Character Centric Computer Games},
  school = {Universitiy of Dublin, Trinity College},
  year = {2004},
  address = {Dublin, Ireland},
  month = {January},
}

@MastersThesis{ FinnsonH2007,
	author = "Hilmar Finnsson",
	title = "CADIA-Player: A General Game Playing Agent",
	school = "Reykjavik University - School of computer Science",
	year = "2007",
	type = "M.Sc. diss.",
	address = "Reykjavik",
	month = "December",
	institution = "Reykjavik University",
	timestamp = "2014.06.25"
}
@Unpublished{Schatten2011,
	author = {Schatten, M.},
	title = {Višeagentni sustavi - FOI wiki},
	school ={Fakultet organizacije i informatike, Varaždin}

}

